@manual{asremlr,
  title = {ASReml-R reference manual},
  author = {Butler, D. and Cullis, B.R. and Gilmour, A.R. and Gogel, B.J.},
  organization = {The State of Queensland, Department of Primary Industries and Fisheries},
  year = {2007},
}

@Manual{agricolae,
  title = {agricolae: Statistical Procedures for Agricultural Research},
  author = {Felipe {de Mendiburu}},
  year = {2016},
  note = {R package version 1.2-4},
  url = {https://CRAN.R-project.org/package=agricolae},
}

@Manual{pwr,
  title = {pwr: Basic Functions for Power Analysis},
  author = {Stephane Champely},
  year = {2017},
  note = {R package version 1.2-1},
  url = {https://CRAN.R-project.org/package=pwr},
}

@article{lenth2007statistical,
  title={Statistical power calculations},
  author={Lenth, Russell V},
  journal={Journal of animal science},
  volume={85},
  number={13\_suppl},
  pages={E24--E29},
  year={2007},
  publisher={American Society of Animal Science}
}

@book{welham2014statistical,
  title={Statistical methods in biology: Design and analysis of experiments and regression},
  author={Welham, Suzanne Jane and Gezan, Salvador Alejandro and Clark, SJ and Mead, Andrew},
  year={2014},
  publisher={CRC Press}
}

@article{cullis2006design,
  title={On the design of early generation variety trials with correlated data},
  author={Cullis, Brian R and Smith, Alison B and Coombes, Neil E},
  journal={Journal of Agricultural, Biological, and Environmental Statistics},
  volume={11},
  number={4},
  pages={381--393},
  year={2006},
  publisher={Springer}
}

@manual{r,
    title = {R: A Language and Environment for Statistical Computing},
    author = {{R Core Team}},
    organization = {R Foundation for Statistical Computing},
    address = {Vienna, Austria},
    year = {2017},
    url = {https://www.R-project.org/},
  }


@book{quinn,
       title        = {Experimental Design and Data Analysis for Biologists},
       author       = {Quinn, G.P. and Keogh, M.J.},
       publisher    = {Cambridge University Press},
       address      = {Cambridge, United Kingdom},
       year         = 2002,
}


@book{kckillup,
       title        = {Statistics explained: an introductory guide for life scientists},
       author       = {McKillup, S.},
       publisher    = {Cambridge University Press},
       address      = {Cambridge, United Kingdom},
       year         = 2006,
}

@book{mch,
       title        = {Statistical methods in agriculture and experimental biology},
       author       = {Mead, R. and Curnow, R.N. and Hasted, A.M.},
       publisher    = {CRC Press},
       edition      = {3rd},
       address      = {USA},
       year         = 2003,
}

@book{neter,
       title        = {Applied linear statistical models},
       author       = {Kutner, M.H. and Nachtsheim, C.J. and Neter, J. and Li, W.},
       publisher    = {McGraw-Hill Irwin},
       edition      = {5th},
       address      = {New York},
       year         = 2005,
}

@book{ramsey,
       title        = {The statistical sleuth, A course in methods of data analysis},
       author       = {Ramsey, F.L. and Schafer, D.W.},
       publisher    = {Brooks/Cole, Cengage Learning},
       edition      = {2nd},
       address      = {United States of America},
       year         = 2002,
}

@article {oecd,
		author = "OECD",
		title = "OECD.Stat",
		url = "/content/data/data-00285-en",
		doi = "http://dx.doi.org/10.1787/data-00285-en"
}




@misc{rumbens,
  author = {David Rumbens},
  title = {{Investment Monitor Issue 77.0 March 2009}},
  howpublished = "\url{http://www.accesseconomics.com.au/publicationsreports/getreport.php?id=102\&report=3}",
  year = {2009},
  note = "[Online; accessed 17-November-2010]"
}

@Manual{agridat,
   title = {agridat: Agricultural Datasets},
   author = {Kevin Wright},
   year = {2015},
   note = {R package version 1.12},
   url = {https://CRAN.R-project.org/package=agridat},
 }
